@book{Russell:1995:AIM:193191,
    author={Russell, Stuart J. and Norvig, Peter},
    title={Artificial Intelligence: A Modern Approach},
    year={1995},
    isbn={0-13-103805-2},
    publisher={Prentice-Hall, Inc.},
    address={Upper Saddle River, NJ, USA}
} 

@misc{GMAKER8DOCS,
    author={Mark Overmars},
    title={Designing Games with Game Maker},
    url={http://sandbox.yoyogames.com/downloads/docs/gmaker80.pdf},
    urlaccessdate={Mar. 2016}
}
